@article{tchem:Kim:2022,
  title    = {{TChem: A performance portable parallel software toolkit for complex kinetic mechanisms}},
  journal  = {Computer Physics Communications},
  volume   = {285},
  pages    = {108628},
  year     = {2023},
  issn     = {0010-4655},
  author   = {Kyungjoo Kim and Oscar H. Díaz-Ibarra and Habib N. Najm and Judit Zádor and Cosmin Safta},
  keywords = {TChem, Kokkos, Performance portability, GPU, Flow chemistry}
}

@techreport{Diaz-Ibarra:2024:tchem,
  author      = {Diaz-Ibarra, Oscar and Schmidt, Michael J.  and Safta, Cosmin },
  title       = {{Benchmarking TChem for Potential Incorporation into E3SM as a Replacement Chemical Kinetics Solver}},
  institution = {Sandia National Laboratories},
  year        = {2024},
  number      = {SAND2024-01807R}
}
