@techreport{Yarwood2005,
  author      = {Yarwood, G. and Rao, S. and Yocke, M. and Whitten, G},
  title       = {Updates to the Carbon Bond Chemical Mechanism: {CB05}},
  institution = {Report to the U.S. Environmental Protection Agency},
  year        = {2005}
}

@techreport{Diaz-Ibarra:2024:tchem,
  author      = {Diaz-Ibarra, Oscar and Schmidt, Michael J.  and Safta, Cosmin },
  title       = {{Benchmarking TChem for Potential Incorporation into E3SM as a Replacement Chemical Kinetics Solver}},
  institution = {Sandia National Laboratories},
  year        = {2024},
  number      = {SAND2024-01807R}
}

@article{Dawson2022,
  author  = {Dawson, M. L. and Guzman, C. and Curtis, J. H. and Acosta, M. and Zhu, S. and Dabdub, D. and Conley, A. and West, M. and Riemer, N. and Jorba, O},
  title   = {{Chemistry Across Multiple Phases (CAMP) version 1.0: an integrated multiphase chemistry model}},
  journal = {Geoscientific Model Development},
  volume  = {15},
  year    = {2022},
  number  = {9},
  pages   = {3663--3689},
}
@misc{yaml,
  title = {{YAML Ain't Markup Language}},
  howpublished = {\url{https://yaml.org/spec/1.2.2}},
  note = {Accessed: 2022-03-07},
  year = {2022}
}

@misc{gtestweb,
  title = {{GTEST}},
  howpublished = {\url{https://github.com/google/googletest}},
  note = {Accessed: 2020-08-26},
  year = {2020}
}

@misc{skywalkerweb,
  title = {{Skywalker}},
  howpublished = {\url{https://github.com/eagles-project/skywalker.git}},
  note = {Accessed: 2024-05-17},
  year = {2024}
}

@misc{campweb,
  title = {{CAMP}},
  howpublished = {\url{https://github.com/open-atmos/camp}},
  note = {Accessed: 2024-05-17},
  year = {2024}
}

@misc{tchem-atm,
  title = {{TChem-atm}},
  howpublished = {\url{https://github.com/sandialabs/tchem-atm}},
  note = {Accessed: 2024-05-17},
  year = {2024}
}



@INPROCEEDINGS{Xianyi:openBLAS:2012,
  author={Xianyi, Zhang and Qian, Wang and Yunquan, Zhang},
  booktitle={2012 IEEE 18th International Conference on Parallel and Distributed Systems}, 
  title={Model-driven Level 3 BLAS Performance Optimization on Loongson 3A Processor}, 
  year={2012},
  volume={},
  number={},
  pages={684-691},
  doi={10.1109/ICPADS.2012.97}}
  
@INPROCEEDINGS{Wang:openBLAS:2013,
  author={Wang, Qian and Zhang, Xianyi and Zhang, Yunquan and Yi, Qing},
  booktitle={SC '13: Proceedings of the International Conference on High Performance Computing, Networking, Storage and Analysis}, 
  title={AUGEM: Automatically generate high performance Dense Linear Algebra kernels on x86 CPUs}, 
  year={2013},
  volume={},
  number={},
  pages={1-12},
  doi={10.1145/2503210.2503219}}
  
@misc{openBLASweb,
  title = {{OpenBLAS}},
  howpublished = {\url{http://www.openblas.net}},
  note = {Accessed: 2022-11-01},
  year = {2022}
}


@misc{tinesweb,
  title = {{Tines}},
  author = {Kim, Kyungjoo and Diaz-Ibarra, Oscar},
  howpublished = {\url{https://github.com/sandialabs/tines}},
  note = {Accessed: 2021-05-11},
  year = {2021}
}

@article{Carter:2014,
  title = "Kokkos: Enabling manycore performance portability through polymorphic memory access patterns ",
  journal = "Journal of Parallel and Distributed Computing ",
  volume = "74",
  number = "12",
  pages = "3202 - 3216",
  year = "2014",
  note = "Domain-Specific Languages and High-Level Frameworks for High-Performance Computing ",
  issn = "0743-7315",
  doi = "https://doi.org/10.1016/j.jpdc.2014.07.003",
  url = "http://www.sciencedirect.com/science/article/pii/S0743731514001257",
  author = "H. Carter Edwards and Christian R. Trott and Daniel Sunderland"
}

@misc{kokkosweb,
  title = {{Kokkos}},
  howpublished = {\url{https://github.com/kokkos/kokkos}},
  note = {Accessed: 2020-08-26},
  year = {2020}
}

@ARTICLE{Trott:2021:kokkos,
  author={Trott, Christian and Berger-Vergiat, Luc and Poliakoff, David and Rajamanickam, Sivasankaran and Lebrun-Grandie, Damien and Madsen, Jonathan and Al Awar, Nader and Gligoric, Milos and Shipman, Galen and Womeldorff, Geoff},
  journal={Computing in Science \& Engineering}, 
  title={The Kokkos EcoSystem: Comprehensive Performance Portability for High Performance Computing}, 
  year={2021},
  volume={23},
  number={5},
  pages={10-18},
  doi={10.1109/MCSE.2021.3098509}}

@ARTICLE{Trott:2022:kokkos,
  author={Trott, Christian R. and Lebrun-Grandi√©, Damien and Arndt, Daniel and Ciesko, Jan and Dang, Vinh and Ellingwood, Nathan and Gayatri, Rahulkumar and Harvey, Evan and Hollman, Daisy S. and Ibanez, Dan and Liber, Nevin and Madsen, Jonathan and Miles, Jeff and Poliakoff, David and Powell, Amy and Rajamanickam, Sivasankaran and Simberg, Mikael and Sunderland, Dan and Turcksin, Bruno and Wilke, Jeremiah},
  journal={IEEE Transactions on Parallel and Distributed Systems}, 
  title={Kokkos 3: Programming Model Extensions for the Exascale Era}, 
  year={2022},
  volume={33},
  number={4},
  pages={805-817},
  doi={10.1109/TPDS.2021.3097283}}

  @article{SUNDIALS_gardner2022,
  author = {Gardner, David J and Reynolds, Daniel R and Woodward, Carol S and Balos, Cody J},
  date-added = {2024-02-09 14:37:48 -0700},
  date-modified = {2024-02-09 14:38:23 -0700},
  doi = {10.1145/3539801},
  journal = {ACM Transactions on Mathematical Software (TOMS)},
  publisher = {ACM},
  title = {Enabling new flexibility in the {SUNDIALS} suite of nonlinear and differential/algebraic equation solvers},
  year = {2022}}

@article{SUNDIALS_hindmarsh2005,
  author = {Hindmarsh, Alan C and Brown, Peter N and Grant, Keith E and Lee, Steven L and Serban, Radu and Shumaker, Dan E and Woodward, Carol S},
  date-added = {2024-02-09 14:37:48 -0700},
  date-modified = {2024-02-09 14:38:34 -0700},
  doi = {10.1145/1089014.1089020},
  journal = {ACM Transactions on Mathematical Software (TOMS)},
  number = {3},
  pages = {363--396},
  publisher = {ACM},
  title = {{SUNDIALS}: Suite of nonlinear and differential/algebraic equation solvers},
  volume = {31},
  year = {2005}}

@misc{sacadoweb,
  title = {{SACADO}},
  howpublished = {\url{https://docs.trilinos.org/dev/packages/sacado/doc/html/index.html}},
  note = {Accessed: 2021-04-02},
  year = {2021}
}
